@article{tso,
   title = {transmission\_system\_operator},
   url = {https://www.entsoe-event.eu/transmission_system_operator.html}
}

@article{plc,
   title = {PLC},
   url = {https://www.techtarget.com/whatis/definition/programmed-logic-controller-PLC#:~:text=A%20programmable%20logic%20controller%20(PLC,drum%20sequencers%20and%20cam%20timers.},
   author = {TechTarget Contributor}
}

@article{plc2,
   title = {PLC računalo},
   url = {https://hr.wikipedia.org/wiki/PLC_(računalo)},

}

@mastersthesis{scada-thesis,
   title = {Cyber-Security Analysis in Smart Grid SCADA Systems: A Game Theoretic Approach},
   url = {https://ttu-ir.tdl.org/bitstream/handle/2346/58205/RUDRAPATTANA-THESIS-2013.pdf?sequence=1},
   author = {Sudeeptha Rudrapattana, B.E.},
   institution = { Texas Tech University}
}

@article{scada-arh,
   title = {Općenito o SCADA sustavu},
   url = {https://elektrokem.hr/ek-sustavi/cijena/opcenito-o-scada-sustavu},

}

@masterthesis{scada-thesis2,
   title = {SCADA u elektroenergetskom sustavu},
   url = {https://repozitorij.etfos.hr/islandora/object/etfos%3A3520/datastream/PDF/view},
   author = {Šabić, Ivana},
    institution = { Fakultet elektrotehnike, računarstva i informacijskih tehnologija Osijek}
}

@article{tso-vuln,
   title = {Overview and Improvement of Procedures and Practices of Electricity Transmission System Operators in South East Europe to Mitigate Cybersecurity Threats},
   url = {https://www.mdpi.com/2079-8954/9/2/39},
   author = {Aleksandra Krkoleva Mateska and Petar Krstevski and Stefan Borozan},
   institution = {
Faculty of Electrical Engineering and Information Technologies}
}

@article{osint-def,
   url = {https://www.sentinelone.com/cybersecurity-101/open-source-intelligence-osint/},
   title = {What Is Open Source Intelligence (OSINT)?}
   
}

@article{harvester,
   url = {https://www.cybervie.com/blog/what-is-the-harvester/},
   author = {abhijith},
   title = {What is theHarvester?}
}

@article{docker,
   url = {https://docs.docker.com/get-started/overview/},
   title = {Docker overview}
}

@article{honeypot-def,
   url = {https://www.fortinet.com/resources/cyberglossary/what-is-honeypot/},
   title = {What is a Honeypot}}

@article{ics-def,
   url = {https://www.trendmicro.com/vinfo/us/security/definition/industrial-control-system},
   title = {Industrial Control System}}